<?xml version="1.0" encoding="UTF-8"?><collection><record><leader>02422ntm a2200385 a 4500</leader><controlfield tag="001">002594338</controlfield><controlfield tag="003">MiAaHDL</controlfield><controlfield tag="005">20190719000000.0</controlfield><controlfield tag="006">m        d        </controlfield><controlfield tag="007">cr bn ---auaua</controlfield><controlfield tag="008">930210s14uu    xx            00||  ara d</controlfield><datafield tag="035" ind1=" " ind2=" "><subfield code="a">(MiU)002594338</subfield></datafield><datafield tag="035" ind1=" " ind2=" "><subfield code="a">sdr-miu002594338</subfield></datafield><datafield tag="035" ind1=" " ind2=" "><subfield code="a">(RLIN)MIUH93-A6</subfield></datafield><datafield tag="040" ind1=" " ind2=" "><subfield code="a">MiU</subfield><subfield code="c">MiU</subfield><subfield code="e">appm</subfield></datafield><datafield tag="100" ind1="1" ind2=" "><subfield code="6">880-01</subfield><subfield code="a">Khalīlī, Sharaf al-Dīn Mūsá ibn Muḥammad,</subfield><subfield code="d">ca. 1402.</subfield></datafield><datafield tag="240" ind1="1" ind2="0"><subfield code="6">880-02</subfield><subfield code="a">Risālah fī al-ʻamal bi-rubʻay al-jayb wa-al-muqanṭarāt</subfield></datafield><datafield tag="245" ind1="1" ind2="0"><subfield code="6">880-03</subfield><subfield code="a">Risālah mukhtaṣarah fī al-ʻamal bi-al-rubʻ min al-muqanṭarāt :</subfield><subfield code="k">manuscript,</subfield><subfield code="f">[15th century?].</subfield></datafield><datafield tag="300" ind1=" " ind2=" "><subfield code="a">1</subfield><subfield code="f">v. ([24] p.) ;</subfield><subfield code="c">19 cm.</subfield></datafield><datafield tag="500" ind1=" " ind2=" "><subfield code="a">Title and text rubricated; marginal corrections in hand of copyist.</subfield></datafield><datafield tag="500" ind1=" " ind2=" "><subfield code="a">Pp. [1-20]. Pp. [21-24] contain an unidentified text.</subfield></datafield><datafield tag="510" ind1="4" ind2=" "><subfield code="a">King, Survey,</subfield><subfield code="c">p. 65.</subfield></datafield><datafield tag="520" ind1=" " ind2=" "><subfield code="a">times of prayer.</subfield></datafield><datafield tag="520" ind1=" " ind2=" "><subfield code="a">"A treatise on the sine quadrant and almuqantar quadrant in three risālahs, the first two comprising 5 maqālahs and dealing with the two quadrants together and the third comprising 7 faṣls and dealing with the determination of the prayer-times and qibla with a sine quadrant." David A. King, A Survey of the Scientific Manuscripts in the Egyptian National Library (Winona Lake, 1986), p. 65. This copy contains the third risālah only, in 6 faṣls, about the use of the almucantar to find the qiblah and</subfield></datafield><datafield tag="538" ind1=" " ind2=" "><subfield code="a">Mode of access: Internet.</subfield></datafield><datafield tag="541" ind1=" " ind2=" "><subfield code="d">07/--/36</subfield><subfield code="3">Manuscript</subfield><subfield code="a">McGregor Fund</subfield><subfield code="c">Purchase, 1933/34</subfield><subfield code="h">15 p.t.</subfield></datafield><datafield tag="561" ind1=" " ind2=" "><subfield code="a">Purchased in Cairo, 1933/34. Owner's mark: inside cover, manuscript notes in handwriting of Max Meyerhof.</subfield></datafield><datafield tag="650" ind1=" " ind2="0"><subfield code="a">Astronomical instruments</subfield><subfield code="y">Early works to 1800.</subfield></datafield><datafield tag="650" ind1=" " ind2="0"><subfield code="a">Quadrants (Astronomical instruments)</subfield><subfield code="v">Early works to 1800.</subfield></datafield><datafield tag="650" ind1=" " ind2="0"><subfield code="a">Almucantar</subfield><subfield code="y">Early works to 1800.</subfield></datafield><datafield tag="650" ind1=" " ind2="0"><subfield code="a">Manuscripts, Arabic</subfield><subfield code="z">Michigan</subfield><subfield code="z">Ann Arbor.</subfield></datafield><datafield tag="700" ind1="1" ind2=" "><subfield code="a">Meyerhof, Max,</subfield><subfield code="d">1874-1945,</subfield><subfield code="e">former owner.</subfield></datafield><datafield tag="773" ind1="0" ind2=" "><subfield code="7">unbc</subfield><subfield code="a">Tracy W. McGregor Collection of Arabic, Persian, and Turkish Mathematical and Astronomical Manuscripts.</subfield><subfield code="w">(CStRLIN)MIUH92-A20.</subfield></datafield><datafield tag="880" ind1="1" ind2="0"><subfield code="6">245-03/</subfield><subfield code="a">رسالة مختصرة في العمل بالربع من المقنطرات :</subfield><subfield code="k">manuscript،</subfield><subfield code="f">[القرن 15م؟].</subfield></datafield><datafield tag="880" ind1="1" ind2="0"><subfield code="6">240-02/</subfield><subfield code="a">رسالة في العمل بربعي الجيب والمقنطرات</subfield></datafield><datafield tag="880" ind1="0" ind2=" "><subfield code="6">100-01/</subfield><subfield code="a">شرف الدين موسى بن محمد الخليلي.</subfield></datafield><datafield tag="CID" ind1=" " ind2=" "><subfield code="a">002594338</subfield></datafield><datafield tag="DAT" ind1="0" ind2=" "><subfield code="a">20190719102632.0</subfield><subfield code="b">20190719000000.0</subfield></datafield><datafield tag="DAT" ind1="1" ind2=" "><subfield code="a">20190719090653.0</subfield><subfield code="b">2019-07-19T16:10:35Z</subfield></datafield><datafield tag="DAT" ind1="2" ind2=" "><subfield code="a">2015-10-02T18:00:03Z</subfield></datafield><datafield tag="CAT" ind1=" " ind2=" "><subfield code="a">SDR-MIU</subfield><subfield code="d">EX LIBRIS - ALEPH</subfield><subfield code="l">prepare.pl-004-008</subfield></datafield><datafield tag="FMT" ind1=" " ind2=" "><subfield code="a">BK</subfield></datafield><datafield tag="HOL" ind1=" " ind2=" "><subfield code="0">sdr-miu002594338</subfield><subfield code="a">MiU</subfield><subfield code="b">SDR</subfield><subfield code="c">MIU</subfield><subfield code="p">mdp.39015081447180</subfield><subfield code="s">MIU</subfield><subfield code="1">002594338</subfield></datafield><datafield tag="974" ind1=" " ind2=" "><subfield code="b">MIU</subfield><subfield code="c">MIU</subfield><subfield code="d">20190719</subfield><subfield code="s">lit-dlps-dc</subfield><subfield code="u">mdp.39015081447180</subfield><subfield code="y">1499</subfield><subfield code="r">pd</subfield><subfield code="q">bib</subfield><subfield code="t">non-US bib date1 &lt; 1879</subfield></datafield></record></collection>